%YAML 1.1
%TAG !u! tag:unity3d.com,2011:
--- !u!1001 &100100000
Prefab:
  m_ObjectHideFlags: 1
  serializedVersion: 2
  m_Modification:
    m_TransformParent: {fileID: 0}
    m_Modifications: []
    m_RemovedComponents: []
  m_SourcePrefab: {fileID: 0}
  m_RootGameObject: {fileID: 1352024257034950}
  m_IsPrefabAsset: 1
--- !u!1 &1352024257034950
GameObject:
  m_ObjectHideFlags: 0
  m_CorrespondingSourceObject: {fileID: 0}
  m_PrefabInternal: {fileID: 100100000}
  serializedVersion: 6
  m_Component:
  - component: {fileID: 4798456262598390}
  - component: {fileID: 114717220016776262}
  m_Layer: 0
  m_Name: FirstPersonCamera
  m_TagString: Untagged
  m_Icon: {fileID: 0}
  m_NavMeshLayer: 0
  m_StaticEditorFlags: 0
  m_IsActive: 1
--- !u!1 &1702019631500610
GameObject:
  m_ObjectHideFlags: 0
  m_CorrespondingSourceObject: {fileID: 0}
  m_PrefabInternal: {fileID: 100100000}
  serializedVersion: 6
  m_Component:
  - component: {fileID: 4734178494387856}
  - component: {fileID: 114123191747614838}
  m_Layer: 0
  m_Name: MovementEffects
  m_TagString: Untagged
  m_Icon: {fileID: 0}
  m_NavMeshLayer: 0
  m_StaticEditorFlags: 0
  m_IsActive: 1
--- !u!4 &4734178494387856
Transform:
  m_ObjectHideFlags: 1
  m_CorrespondingSourceObject: {fileID: 0}
  m_PrefabInternal: {fileID: 100100000}
  m_GameObject: {fileID: 1702019631500610}
  m_LocalRotation: {x: -0.0006062138, y: -0.0006059839, z: -0.00000036735594, w: 0.99999964}
  m_LocalPosition: {x: 0, y: 0, z: 0}
  m_LocalScale: {x: 1, y: 1, z: 1}
  m_Children: []
  m_Father: {fileID: 4798456262598390}
  m_RootOrder: 0
  m_LocalEulerAnglesHint: {x: 0, y: 0, z: 0}
--- !u!4 &4798456262598390
Transform:
  m_ObjectHideFlags: 1
  m_CorrespondingSourceObject: {fileID: 0}
  m_PrefabInternal: {fileID: 100100000}
  m_GameObject: {fileID: 1352024257034950}
  m_LocalRotation: {x: -0, y: -0, z: -0, w: 1}
  m_LocalPosition: {x: 0, y: 1, z: -10}
  m_LocalScale: {x: 1, y: 1, z: 1}
  m_Children:
  - {fileID: 4734178494387856}
  m_Father: {fileID: 0}
  m_RootOrder: 0
  m_LocalEulerAnglesHint: {x: 0, y: 0, z: 0}
--- !u!114 &114123191747614838
MonoBehaviour:
  m_ObjectHideFlags: 1
  m_CorrespondingSourceObject: {fileID: 0}
  m_PrefabInternal: {fileID: 100100000}
  m_GameObject: {fileID: 1702019631500610}
  m_Enabled: 1
  m_EditorHideFlags: 0
  m_Script: {fileID: 11500000, guid: b40ece8bf272e2347982b635086d68cd, type: 3}
  m_Name: 
  m_EditorClassIdentifier: 
  m_Target: {fileID: 4734178494387856}
  m_AutoTargetPlayer: 0
  m_UpdateType: 0
  m_RotationRange: {x: 0, y: 0}
  m_FollowSpeed: 1
  m_SwaySpeed: 0.5
  m_BaseSwayAmount: 2
  m_TrackingSwayAmount: 0.5
  m_TrackingBias: 0
--- !u!114 &114717220016776262
MonoBehaviour:
  m_ObjectHideFlags: 1
  m_CorrespondingSourceObject: {fileID: 0}
  m_PrefabInternal: {fileID: 100100000}
  m_GameObject: {fileID: 1352024257034950}
  m_Enabled: 1
  m_EditorHideFlags: 0
  m_Script: {fileID: 11500000, guid: 7099629c915fcfb4ca0c1569715351ec, type: 3}
  m_Name: 
  m_EditorClassIdentifier: 
  EditorOnly: 1
  LeftClickToggleActivation: 0
  RightClickHoldActivation: 1
  UseScaledDeltaTime: 0
  TranformWhenInactive: 1
  TargetCamera: {fileID: 0}
  TransformToApply: {fileID: 4734178494387856}
  FreeFlyEnabled: 0
  ToggleFreeFlyKey: 102
  ClimbingEnabled: 1
  ClimbUpKey: 101
  ClimbDownKey: 113
  MovementSpeed: 2
  ClimbSpeed: 5
  TurboMultiplier: 2.5
  SlowmoMultiplier: 0.5
  TargetCharacter: {fileID: 0}
  RotationSpeed: 280
  RotationDamping: 0.041
  RotationAmount: {x: 1, y: 0.75}
